@misc{CDA-Midterm,
  title={Continuous Deep Analytics - Midterm report},
  url={https://cda-group.github.io/papers/CDA-Midterm-Final.pdf},
  author={Haridi, Seif},
  year={2020}
}
